@article{preston2012approximation,
	title={Approximation of transition densities of stochastic differential equations by saddlepoint methods applied to small-time {Ito}--{Taylor} sample-path expansions},
	author={Preston, SP and Wood, Andrew TA},
	journal={Statistics and Computing},
	volume={22},
	number={1},
	pages={205--217},
	year={2012},
	publisher={Springer}
}

@article{shoji1998estimation,
	title={Estimation for nonlinear stochastic differential equations by a local linearization method 1},
	author={Shoji, Isao and Ozaki, Tohru},
	journal={Stochastic Analysis and Applications},
	volume={16},
	number={4},
	pages={733--752},
	year={1998},
	publisher={Taylor \& Francis}
}

@article{ait1999transition,
	title={Transition densities for interest rate and other nonlinear diffusions},
	author={A{\"\i}t-Sahalia, Yacine},
	journal={The Journal of Finance},
	volume={54},
	number={4},
	pages={1361--1395},
	year={1999},
	publisher={Wiley Online Library}
}

@article{ait2002maximum,
	title={Maximum Likelihood Estimation of Discretely Sampled Diffusions: A Closed-form Approximation Approach},
	author={A{\"\i}t-Sahalia, Yacine},
	journal={Econometrica},
	volume={70},
	number={1},
	pages={223--262},
	year={2002},
	publisher={Wiley Online Library}
}

@book{kloeden1992numerical,
	title={Numerical Solution of Stochastic Differential Equations},
	author={Kloeden, P.E. and Platen, E.},
	isbn={9783540540625},
	lccn={92015916},
	series={Applications of mathematics: stochastic modelling and applied probability},
	url={http://books.google.no/books?id=BCvtssom1CMC},
	year={1992},
	publisher={Springer}
}

@book{platen2010numerical,
	title={Numerical solution of stochastic differential equations with jumps in finance},
	author={Platen, Eckhard and Bruti-Liberati, Nicola},
	year={2010},
	publisher={Springer Science \& Business Media}
}

@article{rampertshammer2007ornstein,
	title={An {Ornstein}-{Uhlenbeck} framework for pairs trading},
	author={Rampertshammer, Stefan},
	journal={Preprint. Available at http://www. ms. unimelb. edu. au/publications/RampertshammerStefan. pdf},
	year={2007}
}

@book{tankov2004financial,
	title={Financial modelling with jump processes},
	author={Tankov, Peter},
	volume={2},
	year={2004},
	publisher={CRC press}
}

@book{oksendal2003stochastic,
	title={Stochastic differential equations},
	author={{\O}ksendal, Bernt},
	year={2003},
	publisher={Springer}
}

@article{black1973pricing,
	title={The pricing of options and corporate liabilities},
	author={Black, Fischer and Scholes, Myron},
	journal={The Journal of Political Economy},
	pages={637--654},
	year={1973},
	publisher={JSTOR}  
}

@article{heston1993closed,
	title={A closed-form solution for options with stochastic volatility with applications to bond and currency options},
	author={Heston, Steven L},
	journal={Review of Financial Studies},
	volume={6},
	number={2},
	pages={327--343},
	year={1993},
	publisher={Soc Financial Studies}
}

@book{kolassa2006series,
	title={Series approximation methods in statistics},
	author={Kolassa, John E},
	volume={88},
	year={2006},
	publisher={Springer Science \& Business Media}
}

@article{kleppe2008building,
	title={Building and {Fitting} {Non}-{Gaussian} {L}atent {V}ariable {M}odels via the {M}oment-{G}enerating {F}unction},
	author={Kleppe, Tore Selland and Skaug, Hans J},
	journal={Scandinavian Journal of Statistics},
	volume={35},
	number={4},
	pages={664--676},
	year={2008},
	publisher={Wiley Online Library}
}

@article{ai2006saddlepoint,
	title={Saddlepoint approximations for continuous-time {Markov} processes},
	author={A{\"\i}t-Sahalia, Yacine and Yu, Jialin and others},
	journal={Journal of Econometrics},
	volume={134},
	number={2},
	pages={507--551},
	year={2006},
	publisher={Elsevier}
}

@article{kristensen2015tmb,
	title={TMB: {A}utomatic {D}ifferentiation and {L}aplace {A}pproximation},
	author={Kristensen, Kasper and Nielsen, Anders and Berg, Casper W and Skaug, Hans and Bell, Brad},
	journal={arXiv preprint arXiv:1509.00660},
	year={2015}
}

@misc{radul2013ADintro,
	author = {Alexey Radul},
	title = {Introduction to Automatic Differentiation},
	howpublished = "\url{http://alexey.radul.name/ideas/2013/introduction-to-automatic-differentiation/}",
	year = {2013}, 
	note = "[Online; accessed August 15, 2013]"
}

@misc{tucker2013ADintro,
	author = {Warwick Tucker},
	title = {Automatic Differentiation - Lecture No 1},
	howpublished = "\url{https://www.sintef.no/globalassets/project/evitameeting/2010/ad2010.pdf}",
	year = {2010}
}

@article{fournier2012ad,
	title={AD Model Builder: using automatic differentiation for statistical inference of highly parameterized complex nonlinear models},
	author={Fournier, David A and Skaug, Hans J and Ancheta, Johnoel and Ianelli, James and Magnusson, Arni and Maunder, Mark N and Nielsen, Anders and Sibert, John},
	journal={Optimization Methods and Software},
	volume={27},
	number={2},
	pages={233--249},
	year={2012},
	publisher={Taylor \& Francis}
}

@misc{bell2005cppad,
	author = {Brad Bell},
	title = {CppAD: A Package for C++ Algorithmic Differentiation},
	howpublished = "\url{https://www.coin-or.org/CppAD}",
	year = {2005}
}

@article{skaug2006automatic,
	title={Automatic approximation of the marginal likelihood in non-{G}aussian hierarchical models},
	author={Skaug, Hans J and Fournier, David A},
	journal={Computational Statistics \& Data Analysis},
	volume={51},
	number={2},
	pages={699--709},
	year={2006},
	publisher={Elsevier}
}

@article{varughese2013parameter,
	title={Parameter estimation for multivariate diffusion systems},
	author={Varughese, Melvin M},
	journal={Computational Statistics \& Data Analysis},
	volume={57},
	number={1},
	pages={417--428},
	year={2013},
	publisher={Elsevier}
}

@article{zhang2016approximation,
	title={An approximation of small-time probability density functions in a general jump diffusion model},
	author={Zhang, Le and Schmidt, Wolfgang M},
	journal={Applied Mathematics and Computation},
	volume={273},
	pages={741--758},
	year={2016},
	publisher={Elsevier}
}

@article{ait2007maximum,
	title={Maximum likelihood estimation of stochastic volatility models},
	author={A{\i}, Yacine and Kimmel, Robert and others},
	journal={Journal of Financial Economics},
	volume={83},
	number={2},
	pages={413--452},
	year={2007},
	publisher={Elsevier}
}

@book{taleb2010black,
	title={The black swan:: The impact of the highly improbable fragility},
	author={Taleb, Nassim Nicholas},
	volume={2},
	year={2010},
	publisher={Random House}
}

@article{lin2009consistent,
	title={A Consistent Model of 'Explosive' Financial Bubbles with Mean-Reversing Residuals},
	author={Lin, Li and Ren, Ruoen and Sornette, Didier},
	journal={Swiss Finance Institute Research Paper},
	number={09-14},
	year={2009}
}

@article{sornette2002nonlinear,
	title={A nonlinear super-exponential rational model of speculative financial bubbles},
	author={Sornette, Didier and Andersen, Jorgen V},
	journal={International Journal of Modern Physics C},
	volume={13},
	number={02},
	pages={171--187},
	year={2002},
	publisher={World Scientific}
}

@article{johansen2000crashes,
	title={Crashes as critical points},
	author={Johansen, Anders and Ledoit, Olivier and Sornette, Didier},
	journal={International Journal of Theoretical and Applied Finance},
	volume={3},
	number={02},
	pages={219--255},
	year={2000},
	publisher={World Scientific}
}

@article{sornette2009dragon,
	title={Dragon-kings, black swans and the prediction of crises},
	author={Sornette, Didier},
	journal={Swiss Finance Institute Research Paper},
	number={09-36},
	year={2009}
}

@article{sornette2012dragon,
	title={Dragon-kings: mechanisms, statistical methods and empirical evidence},
	author={Sornette, Didier and Ouillon, Guy},
	journal={The European Physical Journal Special Topics},
	volume={205},
	number={1},
	pages={1--26},
	year={2012},
	publisher={Springer}
}

@article{geraskin2013everything,
	title={Everything you always wanted to know about log-periodic power laws for bubble modeling but were afraid to ask},
	author={Geraskin, Petr and Fantazzini, Dean},
	journal={The European Journal of Finance},
	volume={19},
	number={5},
	pages={366--391},
	year={2013},
	publisher={Taylor \& Francis}
}

@article{tularam2013modeling,
	title={Modeling of financial crises: a critical analysis of models leading to the global financial crisis},
	author={Tularam, Gurudeo Anand and Subramanian, Bhuvaneswari},
	journal={Global Journal of Business Research},
	volume={7},
	number={3},
	pages={101--124},
	year={2013}
}

@article{leiss2015super,
	title={Super-exponential growth expectations and the global financial crisis},
	author={Leiss, Matthias and Nax, Heinrich H and Sornette, Didier},
	journal={Journal of Economic Dynamics and Control},
	volume={55},
	pages={1--13},
	year={2015},
	publisher={Elsevier}
}

@misc{mcneilquantitative,
	title={Quantitative Risk Management: Concepts, Techniques, and Tools},
	author={McNeil, AJ and Frey, R and Embrechts, P},
	year={2005},
	publisher={Princeton University Press: Princeton, NJ}
}

@book{pinsky2010introduction,
	title={An introduction to stochastic modeling},
	author={Pinsky, Mark and Karlin, Samuel},
	year={2010},
	publisher={Academic Press}
}

@article{cox1985theory,
	title={A theory of the term structure of interest rates},
	author={Cox, John C and Ingersoll, Jonathan E and Ross, Stephen A},
	journal={Econometrica},
	volume={53},
	number={2},
	pages={385--407},
	year={1985},
	publisher={World Scientific}
}

@article{merton1976option,
	title={Option pricing when underlying stock returns are discontinuous},
	author={Merton, Robert C},
	journal={Journal of Financial Economics},
	volume={3},
	number={1},
	pages={125--144},
	year={1976},
	publisher={Elsevier}
}

@article{matsuda2004introduction,
	title={Introduction to {M}erton jump diffusion model},
	author={Matsuda, Kazuhisa},
	journal={Department of Economics. The Graduate Center, The City University of New York},
	year={2004}
}

@book{tankov2003financial,
	title={Financial modelling with jump processes},
	author={Tankov, Peter},
	volume={2},
	year={2003},
	publisher={CRC Press}
}

@article{bates1996jumps,
	title={Jumps and stochastic volatility: Exchange rate processes implicit in {Deutsche} mark options},
	author={Bates, David S},
	journal={Review of Financial Studies},
	volume={9},
	number={1},
	pages={69--107},
	year={1996},
	publisher={Soc Financial Studies}
}

@article{daniels1954saddlepoint,
	title={Saddlepoint approximations in statistics},
	author={Daniels, Henry E},
	journal={The Annals of Mathematical Statistics},
	pages={631--650},
	year={1954},
	publisher={JSTOR}
}

@article{goutis1999explaining,
	title={Explaining the saddlepoint approximation},
	author={Goutis, Constantino and Casella, George},
	journal={The American Statistician},
	volume={53},
	number={3},
	pages={216--224},
	year={1999},
	publisher={Taylor \& Francis Group}
}

@book{butler2007saddlepoint,
	title={Saddlepoint approximations with applications},
	author={Butler, Ronald W},
	volume={22},
	year={2007},
	publisher={Cambridge University Press}
}

@article{reid1988saddlepoint,
	title={Saddlepoint methods and statistical inference},
	author={Reid, Nancy},
	journal={Statistical Science},
	pages={213--227},
	year={1988},
	publisher={JSTOR}
}

@book{griewank2008evaluating,
	title={Evaluating derivatives: principles and techniques of algorithmic differentiation},
	author={Griewank, Andreas and Walther, Andrea},
	year={2008},
	publisher={Siam}
}

@article{lindstrom2007estimating,
	title={Estimating parameters in diffusion processes using an approximate maximum likelihood approach},
	author={Lindstr{\"o}m, Erik},
	journal={Annals of Operations Research},
	volume={151},
	number={1},
	pages={269--288},
	year={2007},
	publisher={Springer}
}

@article{durham2002numerical,
	title={Numerical techniques for maximum likelihood estimation of continuous-time diffusion processes},
	author={Durham, Garland B and Gallant, A Ronald},
	journal={Journal of Business \& Economic Statistics},
	volume={20},
	number={3},
	pages={297--338},
	year={2002},
	publisher={Taylor \& Francis}
}

@article{beskos2006exact,
	title={Exact and computationally efficient likelihood-based estimation for discretely observed diffusion processes (with discussion)},
	author={Beskos, Alexandros and Papaspiliopoulos, Omiros and Roberts, Gareth O and Fearnhead, Paul},
	journal={Journal of the Royal Statistical Society: Series B (Statistical Methodology)},
	volume={68},
	number={3},
	pages={333--382},
	year={2006},
	publisher={Wiley Online Library}
}

@article{gerhold2010generalization,
	title={A generalization of {P}anjer’s recursion and numerically stable risk aggregation},
	author={Gerhold, Stefan and Schmock, Uwe and Warnung, Richard},
	journal={Finance and Stochastics},
	volume={14},
	number={1},
	pages={81--128},
	year={2010},
	publisher={Springer}
}

@book{bjork2009arbitrage,
	title={Arbitrage Theory in Continuous Time},
	author={Bjork, Tomas},
	year={2009},
	publisher={Oxford University Press}
}
@article{pressnumerical,
	title={Numerical recipes in C},
	author={Press, William H and Teukolsky, Saul A and Vetterling, William T and Flannery, Brian P},
	journal={Cambridge: Cambridge University},
	year={1992}
}
@article{cox1975notes,
	title={Notes on option pricing 1: Constant elasticity of variance diffusions},
	author={Cox, John},
	journal={Unpublished note, Stanford University, Graduate School of Business},
	year={1975}
}
@book{brealey2012principles,
	title={Principles of corporate finance},
	author={Brealey, Richard A and Myers, Stewart C and Allen, Franklin and Mohanty, Pitabas},
	year={2012},
	publisher={Tata McGraw-Hill Education}
}
@article{carr2005tale,
	title={A tale of two indices},
	author={Carr, Peter and Wu, Liuren},
	journal={Available at SSRN 871729},
	year={2005}
}
@article{exchange2009cboe,
	title={The CBOE volatility index-VIX},
	author={Exchange, Chicago Board Options},
	journal={White Paper},
	pages={1--23},
	year={2009}
}
@article{carr1998towards,
	title={Towards a theory of volatility trading},
	author={Carr, Peter and Madan, Dilip},
	journal={Volatility: New estimation techniques for pricing derivatives},
	number={29},
	pages={417--427},
	year={1998}
}
@article{kleppe2006numerical,
	title={Numerical path integration for {L}{\'e}vy driven stochastic differential equations},
	author={Kleppe, Tore Selland},
	year={2006},
	publisher={Institutt for matematiske fag}
}
@Manual{rProject2015,
	title = {R: A Language and Environment for Statistical Computing},
	author = {{R Core Team}},
	organization = {R Foundation for Statistical Computing},
	address = {Vienna, Austria},
	year = {2015},
	url = {https://www.R-project.org/},
}
@article{brockwell2006continuous,
	title={Continuous-time {GARCH} processes},
	author={Brockwell, Peter and Chadraa, Erdenebaatar and Lindner, Alexander and others},
	journal={The Annals of Applied Probability},
	volume={16},
	number={2},
	pages={790--826},
	year={2006},
	publisher={Institute of Mathematical Statistics}
}